<record><leader>00000cas a2200000 a 4500</leader><controlfield tag="001">9990569</controlfield><controlfield tag="008">831007d17791781riucr ne      0    0eng c</controlfield><datafield ind1=" " ind2=" " tag="010"><subfield code="a">sn 83021224 </subfield></datafield><datafield ind1=" " ind2=" " tag="040"><subfield code="a">NPX</subfield><subfield code="b">eng</subfield><subfield code="c">NPX</subfield><subfield code="d">NPU</subfield><subfield code="d">DLC</subfield><subfield code="d">NPA</subfield><subfield code="d">YOX</subfield><subfield code="d">RHN</subfield><subfield code="d">KNP</subfield><subfield code="d">RHN</subfield><subfield code="d">MBN</subfield><subfield code="d">OBN</subfield><subfield code="d">OCL</subfield><subfield code="d">CVF</subfield><subfield code="d">CRL</subfield><subfield code="d">NYS</subfield><subfield code="d">OCLCG</subfield><subfield code="d">KRTAS</subfield><subfield code="d">OCLCQ</subfield><subfield code="d">OCLCF</subfield><subfield code="d">OCLCO</subfield></datafield><datafield ind1=" " ind2=" " tag="042"><subfield code="a">pcc</subfield></datafield><datafield ind1=" " ind2=" " tag="043"><subfield code="a">n-us-ri</subfield></datafield><datafield ind1="0" ind2="0" tag="050"><subfield code="a">Newspaper</subfield></datafield><datafield ind1="0" ind2="4" tag="245"><subfield code="a">The American journal, and general advertiser.</subfield></datafield><datafield ind1="3" ind2="0" tag="246"><subfield code="a">American journal, and the general advertiser</subfield></datafield><datafield ind1=" " ind2=" " tag="260"><subfield code="a">Providence, R.I. :</subfield><subfield code="b">Southwick and Wheeler,</subfield><subfield code="c">1779-1781.</subfield></datafield><datafield ind1=" " ind2=" " tag="300"><subfield code="a">3 v. ;</subfield><subfield code="c">43 cm.</subfield></datafield><datafield ind1=" " ind2=" " tag="310"><subfield code="a">Semiweekly,</subfield><subfield code="b">Jan. 31-Aug. 29, 1781</subfield></datafield><datafield ind1=" " ind2=" " tag="321"><subfield code="a">Weekly,</subfield><subfield code="b">Mar. 18, 1779-Jan. 27, 1781</subfield></datafield><datafield ind1="0" ind2=" " tag="362"><subfield code="a">Vol. 1, no. 1 (Mar. 18, 1779)-v. 3, no. 157 (Aug. 29, 1781).</subfield></datafield><datafield ind1=" " ind2=" " tag="500"><subfield code="a">Published as: The American journal, and the general advertiser, Oct. 14, 1780-Jan. 27, 1781.</subfield></datafield><datafield ind1=" " ind2=" " tag="525"><subfield code="a">Accompanied by supplements.</subfield></datafield><datafield ind1=" " ind2=" " tag="530"><subfield code="a">Also issued in microform from University Microfilms International and Readex Microprint Corp. as part of the Early American newspapers series.</subfield></datafield><datafield ind1=" " ind2="0" tag="651"><subfield code="a">Providence (R.I.)</subfield><subfield code="v">Newspapers.</subfield></datafield><datafield ind1=" " ind2="0" tag="651"><subfield code="a">Providence County (R.I.)</subfield><subfield code="v">Newspapers.</subfield></datafield><datafield ind1=" " ind2="7" tag="655"><subfield code="a">Newspapers.</subfield><subfield code="2">fast</subfield><subfield code="0">(OCoLC)fst01423814</subfield></datafield><datafield ind1=" " ind2="7" tag="651"><subfield code="a">Rhode Island</subfield><subfield code="z">Providence.</subfield><subfield code="2">fast</subfield><subfield code="0">(OCoLC)fst01204977</subfield></datafield><datafield ind1=" " ind2="7" tag="651"><subfield code="a">Rhode Island</subfield><subfield code="z">Providence County.</subfield><subfield code="2">fast</subfield><subfield code="0">(OCoLC)fst01211868</subfield></datafield><datafield ind1="1" ind2=" " tag="700"><subfield code="a">Southwick, Solomon,</subfield><subfield code="d">1731-1797.</subfield></datafield><datafield ind1=" " ind2=" " tag="752"><subfield code="a">United States</subfield><subfield code="b">Rhode Island</subfield><subfield code="c">Providence</subfield><subfield code="d">Providence.</subfield></datafield><datafield ind1=" " ind2=" " tag="938"><subfield code="a">Kirtas Technologies, Inc.</subfield><subfield code="b">KRTS</subfield><subfield code="n">737531</subfield></datafield></record>